@book{chao2007high:1,
    title={High performance switches and routers},
    author={Chao, H Jonathan and Liu, Bin},
    year={2007},
    publisher={John Wiley \& Sons}
}

@article{ruiz2001survey,
  title={Survey and taxonomy of IP address lookup algorithms},
  author={Ruiz-S{\'a}nchez, Miguel {\'A} and Biersack, Ernst W and Dabbous, Walid},
  journal={IEEE network},
  volume={15},
  number={2},
  pages={8--23},
  year={2001},
  publisher={IEEE}
}

@inproceedings{behdadfar2009scalar,
  title={Scalar prefix search: A new route lookup algorithm for next generation internet},
  author={Behdadfar, Mohammad and Saidi, Hossein and Alaei, Hamid and Samari, Babak},
  booktitle={IEEE INFOCOM 2009},
  pages={2509--2517},
  year={2009},
  organization={IEEE}
}
@article{le2011scalable,
  title={Scalable tree-based architectures for IPv4/v6 lookup using prefix partitioning},
  author={Le, Hoang and Prasanna, Viktor K},
  journal={IEEE Transactions on Computers},
  volume={61},
  number={7},
  pages={1026--1039},
  year={2011},
  publisher={IEEE}
}
@article{mun2006binary,
  title={Binary search on prefix lengths for IP address lookup},
  author={Mun, Ju Hyoung and Lim, Hyesook and Yim, Changhoon},
  journal={IEEE Communications Letters},
  volume={10},
  number={6},
  pages={492--494},
  year={2006},
  publisher={IEEE}
}
@inproceedings{cheung1999optimal,
  title={Optimal routing table design for IP address lookups under memory constraints},
  author={Cheung, Gene and McCanne, Steven},
  booktitle={IEEE INFOCOM'99. Conference on Computer Communications. Proceedings. Eighteenth Annual Joint Conference of the IEEE Computer and Communications Societies. The Future is Now (Cat. No. 99CH36320)},
  volume={3},
  pages={1437--1444},
  year={1999},
  organization={IEEE}
}
@article{behdadfar2011coded,
  title={Coded and scalar prefix trees: Prefix matching using the novel idea of double relation chains},
  author={Behdadfar, Mohammad and Saidi, Hossein and Hashemi, Massoud Reza and Lin, Ying-Dar},
  journal={ETRI Journal},
  volume={33},
  number={3},
  pages={344--354},
  year={2011},
  publisher={Wiley Online Library}
}
@book{gupta2000algorithms,
  title={Algorithms for routing lookups and packet classification},
  author={Gupta, Pankaj and Mckeown, Nicholas W},
  year={2000},
  publisher={Stanford University Diss}
}

